% ############################################
% #                   LIVROS                 #
% ############################################

@inbook{blockchain:capitulo5,
author = {Greve, Fabíola and Sampaio, Leobino and Abijaude, Jauberth and Coutinho, Antonio Augusto and Valcy, Ítalo and Queiroz, Silvio},
year = {2018},
month = {05},
pages = {v. 30},
title = {Blockchain e a Revolução do Consenso sob Demanda}
}

@book{blockchain:mastering_bitcoin,
 author = {Antonopoulos, Andreas M.},
 title = {Mastering Bitcoin: Unlocking Digital Crypto-Currencies},
 year = {2014},
 isbn = {1449374042, 9781449374044},
 edition = {1st},
 publisher = {O'Reilly Media, Inc.},
} 

@book{blockchain:mastering_ethereum,
  title={Mastering Ethereum: Building Smart Contracts and DApps},
  author={Antonopoulos, A.M. and Wood, G.},
  isbn={9781491971949},
  url={https://books.google.com.br/books?id=SedSMQAACAAJ},
  year={2018},
  publisher={O'Reilly Media, Incorporated}
}

% ############################################
% #                  ARTIGOS                 #
% ############################################

@article{blockchain:survey,
    title={Blockchain challenges and opportunities: a survey},
    author={Zibin Zheng and
            Shaoan Xie and
            Xiangping Chen and
            Huaimin Wang},
    journal={IJWGS},
    year={2018},
    volume={14},
    pages={352-375}
}

@inproceedings{blockchain:arvore_merkle,
  author    = {Ralph C. Merkle},
  title     = {Protocols for Public Key Cryptosystems},
  booktitle = {{IEEE} Symposium on Security and Privacy},
  pages     = {122--134},
  publisher = {{IEEE} Computer Society},
  year      = {1980}
}


@article{blockchain:seguranca_desafios,
    title={A Survey of Blockchain Security Issues and Challenges},
    author={Iuon-Chang Lin and Tzu-Chun Liao},
    journal={I. J. Network Security},
    year={2009},
}

@article{blockchain:bitcoin_whitepaper,
    title={Bitcoin: A Peer-to-peer Electronic Cash System},
    author={Satoshi Nakamoto},
    journal={http://www.bitcoin.org/bitcoin.pdf},
    year={2008},
    volume={19},
    pages={653-659}
}

@ARTICLE {blockchain:iot,
author = {N. Kshetri},
journal = {IT Professional},
title = {Can Blockchain Strengthen the Internet of Things?},
year = {2017},
volume = {19},
number = {04},
issn = {1520-9202},
pages = {68-72},
keywords = {supply chains;cloud computing;computer crime;servers;cryptography;internet of things;identity management;malware},
doi = {10.1109/MITP.2017.3051335},
publisher = {IEEE Computer Society},
address = {Los Alamitos, CA, USA},
month = {jul}
}

@article{blockchain:energia_dc,
  author    = {Chenhan Xu and
               Kun Wang and
               Mingyi Guo},
  title     = {Intelligent Resource Management in Blockchain-Based Cloud Datacenters},
  journal   = {{IEEE} Cloud Computing},
  volume    = {4},
  number    = {6},
  pages     = {50--59},
  year      = {2017}
}

@ARTICLE{blockchain:survey_bitcoin, 
author={Florian Tschorsch and Bjorn Scheuermann}, 
journal={IEEE Communications Surveys Tutorials}, 
title={Bitcoin and Beyond: A Technical Survey on Decentralized Digital Currencies}, 
year={2016}, 
volume={18}, 
number={3}, 
pages={2084-2123}, 
keywords={electronic money;decentralized digital currency;billion dollar economy;Bitcoin protocol;design space exploration;Online banking;Tutorials;Protocols;Space exploration;Contracts;Internet;Cryptography;Altcoins;Bitcoin;blockchain;cryptocurrencies;digital currencies;distributed consensus;survey;tutorial}, 
doi={10.1109/COMST.2016.2535718}, 
ISSN={1553-877X}, 
month={thirdquarter},}

@article{blockchain:chaum83,
  added-at = {2010-01-26T20:03:21.000+0100},
  author = {Chaum, D.},
  biburl = {https://www.bibsonomy.org/bibtex/2e36da7f7c5d7393ec1340347ebd46c19/nmenke},
  interhash = {e74c68c5744df9c8cc0f773e48da8780},
  intrahash = {e36da7f7c5d7393ec1340347ebd46c19},
  journal = {Advances in Cryptology - Crypto'82, Springer Verlag, pp. 199-203},
  keywords = {imported},
  timestamp = {2010-01-26T20:03:21.000+0100},
  title = {Blind Signatures for Untraceable Payments},
  year = 1983
}

@inproceedings{blockchain:law1996make,
  author = {Laurie Law and Susan Sabett and Jerry Solinas},
  title = {How to make a mint: the cryptography of anonymous electronic cash},
  journal = {Am. UL Rev.},
  volume = {46},
  pages = {1131},
  year = {1996},
  publisher = {HeinOnline},
  url = {http://www.aulawreview.org/pdfs/46/46-4/law.pdf},
}

@misc{blockchain:origem_PoC,
    author = {Stefan Dziembowski and Sebastian Faust and Vladimir Kolmogorov and Krzysztof Pietrzak},
    title = {Proofs of Space},
    howpublished = {Cryptology ePrint Archive, Report 2013/796},
    year = {2013},
    note = {disponível em:\textless https://eprint.iacr.org/2013/796\textgreater.},
}

@inproceedings{blockchain:PoL,
 author = {Milutinovic, Mitar and He, Warren and Wu, Howard and Kanwal, Maxinder},
 title = {Proof of Luck: An Efficient Blockchain Consensus Protocol},
 booktitle = {Proceedings of the 1st Workshop on System Software for Trusted Execution},
 series = {SysTEX '16},
 year = {2016},
 isbn = {978-1-4503-4670-2},
 location = {Trento, Italy},
 pages = {2:1--2:6},
 articleno = {2},
 numpages = {6},
 url = {http://doi.acm.org/10.1145/3007788.3007790},
 doi = {10.1145/3007788.3007790},
 acmid = {3007790},
 publisher = {ACM},
 address = {New York, NY, USA},
 keywords = {Blockchain, Consensus Protocol, Intel SGX, Trusted Execution Environments},
} 

@misc{blockchain:ethereum,
  author = {Gavin Wood},
  title = {Ethereum: A secure decentralised generalised transaction ledger EIP-150 REVISION (759dccd - 2017-08-07)},
  journal = {Ethereum Project Yellow Paper},
  year = {2017},
  note = {Accessed: 2018-01-03},
  url = {https://ethereum.github.io/yellowpaper/paper.pdf},
}

% ############################################
% #          ARTIGOS ONLINE/SITES            #
% ############################################

@misc{blockchain:szabo1998,
  author = {Nick Szabo},
  title = {Secure Property Titles with Owner Authority},
  year = {1998},
  note = {disponível em:\textless
  https://nakamotoinstitute.org/secure-property-titles/\textgreater. Acesso em: 13 mai. 2019},
}

@misc{blockchain:PoB,
  author = {P4Titan},
  title = {A Peer-to-Peer Crypto-Currency with Proof-of-Burn: Mining without powerful hardware},
  year = {2014},
  note = {disponível em:\textless
  https://raw.githubusercontent.com/slimcoin-project/slimcoin-project.github.io/master/whitepaperSLM.pdf\textgreater. Acesso em: 13 mai. 2019},
}

@misc{blockchain:burstcoin_PoC,
  author = {NewsBTC},
  title = {BURSTCOIN Celebrates Birthday With Release Of New Energy Efficient HDD Mining Wallet},
  year = 2011,
  note = {disponível em:\textless http://web.archive.org/web/20171212015857/http://us.newsbtc.com/burstcoin-celebrates-birthday-with-release-of-new-energy-efficient-hdd-mining-wallet/\textgreater. Acesso em: 13 mai. 2019},
}

@misc{blockchain:documentacao_bitcoin,
  author = {Bitcoin},
  title = {Developer Documentation},
  year = 2018,
  note = {disponível em:\textless https://bitcoin.org/en/developer-documentation\textgreater. Acesso em: 23 mai. 2019},
}

@misc{blockchain:hyperledger,
  author = {Hyperledger},
  title = {Hyperledger},
  year = 2018,
  note = {disponível em:\textless https://www.hyperledger.org/\textgreater. Acesso em: 26 mai. 2019},
}

@misc{blockchain:formas_redes,
  author = {Vitalik Buterin},
  title = {On Public and Private Blockchains},
  year = {2015},
  note = {disponível em:\textless
  https://blog.ethereum.org/2015/08/07/on-public-and-private-blockchains/\textgreater. Acesso em: 16 mai. 2019},
}

@misc{blockchain:blockcypher,
  author = {Blockcypher},
  title = {Blockchain Web Services},
  year = {2019},
  note = {disponível em:\textless
  https://live.blockcypher.com/\textgreater. Acesso em: 26 mai. 2019},
}

@misc{blockchain:etherscan,
  author = {Etherscan},
  title = {Etherscan Blockchain Explorer},
  year = {2019},
  note = {disponível em:\textless
  https://etherscan.io/\textgreater. Acesso em: 26 mai. 2019},
}



