@misc{smart_contracts:szabo,
  author = {Nick Szabo},
  title = {The Idea of Smart Contracts},
  year = 1997,
  note = {disponível em:\textless https://nakamotoinstitute.org/the-idea-of-smart-contracts/\textgreater. Acesso em: 14 mai. 2019},
}

@misc{smart_contracts:hyperledger_fabric,
  author = {Hyperledger},
  title = {Smart Contracts and Chaincode},
  year = 2019,
  note = {disponível em:\textless https://hyperledger-fabric.readthedocs.io/en/release-1.4/smartcontract/smartcontract.html\textgreater. Acesso em: 14 mai. 2019},
}

@misc{smart_contracts:bitcoin_0.9,
  author = {Bitcoin},
  title = {Bitcoin Core version 0.9.0 released},
  year = 2014,
  note = {disponível em:\textless https://bitcoin.org/en/release/v0.9.0\#bitcoin-cli\textgreater. Acesso em: 16 mai. 2019},
}

@misc{smart_contracts:learn_me_a_bitcoin,
  author = {Greg Walker},
  title = {Script A mini programming language},
  year = 2018,
  note = {disponível em:\textless https://learnmeabitcoin.com/glossary/script\textgreater. Acesso em: 16 mai. 2019},
}