% ############################################
% #                   LIVROS                 #
% ############################################

@book{microsservicos:newman_microsservicos,
 author = {Newman, Sam},
 title = {Building Microservices},
 year = {2015},
 isbn = {1491950358, 9781491950357},
 edition = {1st},
 publisher = {O'Reilly Media, Inc.},
} 

@INPROCEEDINGS{microsservicos:alocacao, 
author={Y. Niu and F. Liu and Z. Li}, 
booktitle={IEEE INFOCOM 2018 - IEEE Conference on Computer Communications}, 
title={Load Balancing Across Microservices}, 
year={2018}, 
volume={}, 
number={}, 
pages={198-206}, 
keywords={game theory;queueing theory;resource allocation;cloud container technology;shared microservices;message queue;microservice communications;chain-oriented load balancing algorithm;microservice requirements;microservice allocation;Load management;Time factors;Containers;Computer architecture;Load modeling;Conferences;Logic gates}, 
doi={10.1109/INFOCOM.2018.8486300}, 
ISSN={}, 
month={April},}

@book{microsservicos:empresas,
 author = {Nadareishvili, Irakli and Mitra, Ronnie and McLarty, Matt and Amundsen, Mike},
 title = {Microservice Architecture: Aligning Principles, Practices, and Culture},
 year = {2016},
 isbn = {1491956259, 9781491956250},
 edition = {1st},
 publisher = {O'Reilly Media, Inc.},
} 

% ############################################
% #                  ARTIGOS                 #
% ############################################

@inproceedings{microsservicos:artigo_microsservicos,
 author = {Pahl, Claus and Jamshidi, Pooyan},
 title = {Microservices: A Systematic Mapping Study},
 booktitle = {Proceedings of the 6th International Conference on Cloud Computing and Services Science - Volume 1 and 2},
 series = {CLOSER 2016},
 year = {2016},
 isbn = {978-989-758-182-3},
 location = {Rome, Italy},
 pages = {137--146},
 numpages = {10},
 url = {https://doi.org/10.5220/0005785501370146},
 doi = {10.5220/0005785501370146},
 acmid = {3021846},
 publisher = {SCITEPRESS - Science and Technology Publications, Lda},
 address = {Portugal},
 keywords = {Cloud, Container, Mircoservices, Systematic Literature Review, Systematic Mapping Study.},
}

@INPROCEEDINGS{microsservicos:definicao_microsservicos,
author={M. Villamizar and O. Garcés and H. Castro and M. Verano and L. Salamanca and R. Casallas and S. Gil},
booktitle={2015 10th Computing Colombian Conference (10CCC)},
title={Evaluating the monolithic and the microservice architecture pattern to deploy web applications in the cloud},
year={2015},
volume={},
number={},
pages={583-590},
keywords={cloud computing;software architecture;monolithic architecture pattern;microservice architecture pattern;Web applications;cloud computing;enterprise applications;Internet companies;Play Web framework;Companies;Computer architecture;Cloud computing;Service-oriented architecture;Complexity theory;cloud computing;microservices;service oriented architectures;SOA;scalable applications;infrastructure as a services;platform as a service;PaaS;IaaS;continuous delivery;software engineering;software architecture;microservice architecture},
doi={10.1109/ColumbianCC.2015.7333476},
ISSN={},
month={Sep.},}

% ############################################
% #           ARTIGOS ONLINE/SITES           #
% ############################################

@misc{microsservicos:uber,
  author = {Enias Haddad},
  title = {Service-Oriented Architecture: Scaling the Uber Engineering Codebase As We Grow},
  year = 2015,
  note = {disponível em:\textless https://eng.uber.com/soa/\textgreater. Acesso em: 23 fev. 2019},
}

@misc{microsservicos:netflix,
  author = {Tony Mauro},
  title = {Adopting Microservices at Netflix: Lessons for Architectural Design},
  year = 2015,
  note = {disponível em:\textless https://www.nginx.com/blog/microservices-at-netflix-architectural-best-practices/\textgreater. Acesso em: 25 fev. 2019},
}