% ############################################
% #                   LIVROS                 #
% ############################################

@book{nuvem_sla:tanenbaum,
  title={Redes de computadores},
  author={Tanenbaum, A.S. and Wetherall, D.J. and Translations, O.},
  isbn={9788576059240},
  url={https://books.google.com.br/books?id=fnfwkQEACAAJ},
  year={2011},
  publisher={PRENTICE HALL BRASIL}
}

@book{nuvem_sla:cloud_native_inf,
 author = {Garrison, Justin \& Nova, Kris},
 title = {Cloud Native Infrastructure: Patterns for Scalable Infrastructure and Applications in a Dynamic Environment},
 year = {2017},
 isbn = {1491984309, 9781491984307},
 edition = {1st},
 publisher = {O'Reilly Media, Inc.},
} 

@inbook{nuvem_sla:saas,
author = {Michael J. Kavis},
publisher = {John Wiley \& Sons, Ltd},
isbn = {9781118691779},
title = {Cloud Service Models},
booktitle = {Architecting The Cloud},
chapter = {2},
pages = {13-22},
doi = {10.1002/9781118691779.ch2},
url = {https://onlinelibrary.wiley.com/doi/abs/10.1002/9781118691779.ch2},
eprint = {https://onlinelibrary.wiley.com/doi/pdf/10.1002/9781118691779.ch2},
year = {2014},
}

% ############################################
% #                  ARTIGOS                 #
% ############################################

@article{nuvem_sla:edge_computing,
 author = {Garcia Lopez, Pedro and Montresor, Alberto and Epema, Dick and Datta, Anwitaman and Higashino, Teruo and Iamnitchi, Adriana and Barcellos, Marinho and Felber, Pascal and Riviere, Etienne},
 title = {Edge-centric Computing: Vision and Challenges},
 journal = {SIGCOMM Comput. Commun. Rev.},
 issue_date = {October 2015},
 volume = {45},
 number = {5},
 month = sep,
 year = {2015},
 issn = {0146-4833},
 pages = {37--42},
 numpages = {6},
 url = {http://doi.acm.org/10.1145/2831347.2831354},
 doi = {10.1145/2831347.2831354},
 acmid = {2831354},
 publisher = {ACM},
 address = {New York, NY, USA},
 keywords = {cloud computing, decentralized systems, fog computing, peer-to-peer},
} 

@techreport{nuvem_sla:nist_cloud,
 author = {Mell, Peter M. and Grance, Timothy},
 title = {SP 800-145. The NIST Definition of Cloud Computing},
 year = {2011},
 publisher = {National Institute of Standards and Technology},
 address = {Gaithersburg, MD, United States},
}

@article{nuvem_sla:violacaoSLA,
author = {Mohamed, Sahar and Yousif, Adil and Bashir, Mohammed},
year = {2016},
month = {01},
pages = {8-11},
title = {SLA Violation Detection Mechanism for Cloud Computing},
volume = {133},
journal = {International Journal of Computer Applications},
doi = {10.5120/ijca2016907483}
}

@phdthesis{nuvem_sla:tese_guilherme,
  author    = {Guilherme Piegas Koslovski},
  title     = {Dynamically provisioned virtual infrastructures : specification, allocation
               and execution. (Infrastructures virtuelles dynamiquement approvisionn{\'{e}}es
               : sp{\'{e}}cification, allocation et ex{\'{e}}cution)},
  school    = {{\'{E}}cole normale sup{\'{e}}rieure de Lyon, France},
  year      = {2011},
  url       = {https://tel.archives-ouvertes.fr/tel-00661619},
  timestamp = {Mon, 11 Jul 2016 18:16:24 +0200},
  biburl    = {https://dblp.org/rec/bib/phd/hal/Koslovski11},
}

@techreport{nuvem_sla:nist_broker,
  title={NIST Cloud Computing Standards Roadmap},
  author={Sokol, Annie W and Hogan, Michael D},
  year={2013}
}

@InProceedings{nuvem_sla:sauve_sli_slo,
author={Sauv{\'e}, Jacques
and Marques, Filipe
and Moura, Ant{\~a}o
and Sampaio, Marcus
and Jornada, Jo{\~a}o
and Radziuk, Eduardo",
editor="Sch{\"o}nw{\"a}lder, J{\"u}rgen
and Serrat, Joan},
title="SLA Design from a Business Perspective",
booktitle="Ambient Networks",
year="2005",
publisher="Springer Berlin Heidelberg",
address="Berlin, Heidelberg",
pages="72--83",
isbn="978-3-540-32244-3"
}

@article{nuvem_sla:estabelecimento_contratos,
author = {Baruwal Chhetri, Mohan and Vo, Bao and Kowalczyk, Ryszard},
year = {2012},
month = {05},
pages = {},
title = {Policy-Based Automation of SLA Establishment for Cloud Computing Services},
journal = {Proceedings - 12th IEEE/ACM International Symposium on Cluster, Cloud and Grid Computing, CCGrid 2012},
doi = {10.1109/CCGrid.2012.116}
}

@inproceedings{nuvem_sla:facebook_borda,
 author = {Schlinker, Brandon and Kim, Hyojeong and Cui, Timothy and Katz-Bassett, Ethan and Madhyastha, Harsha V. and Cunha, Italo and Quinn, James and Hasan, Saif and Lapukhov, Petr and Zeng, Hongyi},
 title = {Engineering Egress with Edge Fabric: Steering Oceans of Content to the World},
 booktitle = {Proceedings of the Conference of the ACM Special Interest Group on Data Communication},
 series = {SIGCOMM '17},
 year = {2017},
 isbn = {978-1-4503-4653-5},
 location = {Los Angeles, CA, USA},
 pages = {418--431},
 numpages = {14},
 url = {http://doi.acm.org/10.1145/3098822.3098853},
 doi = {10.1145/3098822.3098853},
 acmid = {3098853},
 publisher = {ACM},
 address = {New York, NY, USA},
 keywords = {Border Gateway Protocol, Content Distribution Network, Internet Routing, Software Defined Networking, Traffic Engineering},
} 

% ############################################
% #                  SITES                   #
% ############################################

@misc{nuvem_sla:produtos_amazon,
    author = {Amazon},
    title = {Produtos em nuvem},
    year = {2019},
    note = {disponível em:\textless https://aws.amazon.com/pt/products/\textgreater. Acesso em: 26 mai. 2019},
}

@misc{nuvem_sla:precos_amazon,
    author = {Amazon},
    title = {Lista de preços},
    year = {2019},
    note = {disponível em:\textless https://aws.amazon.com/pt/pricing/\textgreater. Acesso em: 26 mai. 2019},
}

@misc{nuvem_sla:produtos_google,
    author = {Google},
    title = {Produtos e serviços},
    year = {2019},
    note = {disponível em:\textless https://cloud.google.com/products/?hl=pt-br\textgreater. Acesso em: 26 mai. 2019},
}

@misc{nuvem_sla:precos_google,
    author = {Google},
    title = {Lista de preços},
    year = {2019},
    note = {disponível em:\textless https://cloud.google.com/pricing/list?hl=pt-br\textgreater. Acesso em: 26 mai. 2019},
}

@misc{nuvem_sla:netflix_borda,
  author = {Ken Florance},
  title = {How Netflix Works With ISPs Around the Globe to Deliver a Great Viewing Experience},
  year = 2016,
  note = {disponível em:\textless https://media.netflix.com/en/company-blog/how-netflix-works-with-isps-around-the-globe-to-deliver-a-great-viewing-experience\textgreater. Acesso em: 27 fev. 2019},
}


