@inproceedings{blockchain_iaas,
author = {Uriarte, Rafael Brundo and De Nicola, Rocco and Kritikos, Kyriakos},
crossref = {cloudcom2018},
year = {2018},
month = {12},
pages = {},
title = {Towards Distributed SLA Management with Smart Contracts and Blockchain},
booktitle = {2018 {IEEE} International Conference on Cloud Computing Technology
               and Science, CloudCom 2018, Nicosia, Cyprus, December 10-13, 2018},
doi = {10.1109/CloudCom2018.2018.00059},
}

@proceedings{cloudcom2018,
  title     = {2018 {IEEE} International Conference on Cloud Computing Technology
               and Science, CloudCom 2018, Nicosia, Cyprus, December 10-13, 2018},
  publisher = {{IEEE} Computer Society},
  year      = {2018},
  url       = {http://ieeexplore.ieee.org/xpl/mostRecentIssue.jsp?punumber=8590843},
  isbn      = {978-1-5386-7899-2},
  timestamp = {Tue, 08 Jan 2019 11:25:02 +0100},
  biburl    = {https://dblp.org/rec/bib/conf/cloudcom/2018},
  bibsource = {dblp computer science bibliography, https://dblp.org}
}

@article{blockchain_scas,
  author    = {Emanuele Di Pascale and
               Jasmina McMenamy and
               Irene Macaluso and
               Linda Doyle},
  title     = {Smart Contract SLAs for Dense Small-Cell-as-a-Service},
  journal   = {CoRR},
  volume    = {abs/1703.04502},
  year      = {2017}
}

@INPROCEEDINGS{blockchain_5gslicer,
author={J. {Backman} and S. {Yrjölä} and K. {Valtanen} and O. {Mämmelä}},
booktitle={2017 Internet of Things Business Models, Users, and Networks},
title={Blockchain network slice broker in 5G: Slice leasing in factory of the future use case},
year={2017},
volume={},
number={},
pages={1-8},
keywords={5G mobile communication;telecommunication industry;Blockchain network slice broker;mobile virtual network operators;5G Network;blockchain slice leasing ledger concept;5G mobile communication;Production facilities;Reliability;Manufacturing;Peer-to-peer computing;blockchain;manufacturing;network management;network slicing;5G;IIoT},
doi={10.1109/CTTE.2017.8260929},
ISSN={},
month={Nov},}

@ARTICLE{blockchain_cdn,
author={N. {Herbaut} and N. {Negru}},
journal={IEEE Communications Magazine},
title={A Model for Collaborative Blockchain-Based Video Delivery Relying on Advanced Network Services Chains},
year={2017},
volume={55},
number={9},
pages={70-76},
keywords={Internet;collaborative blockchain;video delivery relying;advanced network services chains;user-centric approach;over-the-top video consumption;Internet architecture;blockchain-powered smart contracts;content delivery ecosystem;Collaboration;Video communication;Servers;Ecosystems;IP networks;Content delivery},
doi={10.1109/MCOM.2017.1700117},
ISSN={0163-6804},
month={Sep.},}